<?xml version="1.0" encoding="UTF-8"?><collection xmlns="http://www.loc.gov/MARC21/slim"><record><leader>00739nam--2200193-i-4500</leader><controlfield tag="001">000040780</controlfield><controlfield tag="002">20161230</controlfield><controlfield tag="005">20170102002400</controlfield><controlfield tag="008">060222s1000------------r-----000-0-eng-d</controlfield><datafield ind1=" " ind2=" " tag="040"><subfield code="a">IFIN-HH</subfield></datafield><datafield ind1=" " ind2=" " tag="080"><subfield code="a">535.375.5(061.3)</subfield></datafield><datafield ind1="1" ind2=" " tag="100"><subfield code="a">Schmid, E.D</subfield></datafield><datafield ind1=" " ind2=" " tag="245"><subfield code="a">Proceedings of the sixth international conference on raman spectroscopy, Bangalore, India, 4-9 September 1978;</subfield><subfield code="b">To commemorate the 50th aniversary of the discovery by C.V. Raman of the effect which bears his name</subfield><subfield code="c">E.D. Schmid; R.S. Krishnan; W. Kiefer; H.W. Schrotter (eds.)</subfield></datafield><datafield ind1=" " ind2=" " tag="260"><subfield code="a">London</subfield><subfield code="b">Heyden</subfield><subfield code="c">1978</subfield></datafield><datafield ind1=" " ind2=" " tag="300"><subfield code="a">2 VOLUME</subfield></datafield><datafield ind1="1" ind2=" " tag="700"><subfield code="a">Schrotter, H.W</subfield><subfield code="e">Ed</subfield></datafield><datafield ind1="1" ind2=" " tag="787"><subfield code="a">Vol. 2</subfield><subfield code="h">536p</subfield><subfield code="t">Contributed Papers</subfield></datafield><datafield ind1=" " ind2=" " tag="852"><subfield code="a">49272</subfield><subfield code="c">535.37</subfield></datafield><datafield ind1=" " ind2=" " tag="CAT"><subfield code="a">SYS</subfield><subfield code="c">20170102</subfield><subfield code="h">002400</subfield></datafield></record></collection>